@book{johnsonbaugh2009discrete,
  title={Discrete Mathematics 8th Edition},
  author={Johnsonbaugh, Richard},
  year={2017},
  publisher={Pearson}}